@article{agogino2008analyzing,
  title={Analyzing and visualizing multiagent rewards in dynamic and stochastic domains},
  author={Agogino, Adrian K and Tumer, Kagan},
  journal={Autonomous Agents and Multi-Agent Systems},
  volume={17},
  number={2},
  pages={320--338},
  year={2008},
  publisher={Springer}
}

@inproceedings{rybski1998performance,
  title={Performance evaluation of multiple robots in a search and retrieval task},
  author={Rybski, Paul and Larson, Amy and Lindahl, Michael and Gini, Maria},
  booktitle={Workshop on Artificial Intelligence and Manufacturing},
  pages={153--160},
  year={1998}
}

@incollection{mataric1997reinforcement,
  title={Reinforcement learning in the multi-robot domain},
  author={Matari{\'c}, Maja J},
  booktitle={Robot colonies},
  pages={73--83},
  year={1997},
  publisher={Springer}
}

@inproceedings{chalkiadakis2003coordination,
  title={Coordination in multiagent reinforcement learning: A bayesian approach},
  author={Chalkiadakis, Georgios and Boutilier, Craig},
  booktitle={Proceedings of the second international joint conference on Autonomous agents and multiagent systems},
  pages={709--716},
  year={2003},
  organization={ACM}
}


@inproceedings{ferranti2007brick,
  title={Brick\& Mortar: an on-line multi-agent exploration algorithm},
  author={Ferranti, Ettore and Trigoni, Niki and Levene, Mark},
  booktitle={Robotics and Automation, 2007 IEEE International Conference on},
  pages={761--767},
  year={2007},
  organization={IEEE}
}

@article{dimarogonas2007decentralized,
  title={Decentralized navigation functions for multiple robotic agents with limited sensing capabilities},
  author={Dimarogonas, Dimos V and Kyriakopoulos, Kostas J},
  journal={Journal of Intelligent and Robotic Systems},
  volume={48},
  number={3},
  pages={411--433},
  year={2007},
  publisher={Springer}
}


@incollection{gordon2004gathering,
  title={Gathering multiple robotic a (ge) nts with limited sensing capabilities},
  author={Gordon, Noam and Wagner, Israel A and Bruckstein, Alfred M},
  booktitle={Ant Colony Optimization and Swarm Intelligence},
  pages={142--153},
  year={2004},
  publisher={Springer}
}

@ONLINE{kinectHistory,
  author = {Lowensohn, Josh},
  title = {Timeline: A look back at Kinect's history},
  day = 23,
  month = Feb,
  year = {2011},
  url = {http://www.cnet.com/news/timeline-a-look-back-at-kinects-history/}
}

@ONLINE{kinect,
  title = {Kinect for Windows features},
  month = Dec,
  year = {2014},
  url = {http://www.microsoft.com/en-us/kinectforwindows/meetkinect/features.aspx}
}

@ONLINE{ros,
  title = {ROS},
  month = Dec,
  year = {2014},
  url = {http://www.ros.org/}
}

@ONLINE{moveit,
  title = {MoveIt!},
  month = Dec,
  year = {2014},
  url = {http://moveit.ros.org/}
}

@ONLINE{surrogate,
  title = {PR2 Surrogate},
  month = Dec,
  year = {2014},
  url = {http://wiki.ros.org/pr2_surrogate}
}

@ONLINE{OSRF,
  title = {OSRF},
  month = Dec,
  year = {2014},
  url = {http://www.osrfoundation.org/projects}
}

@ONLINE{pybrainCode,
  title = {Pybrain Repository},
  month = Dec,
  year = {2014},
  url = {https://github.com/pybrain/pybrain}
}

@ONLINE{pybrain,
  title = {Pybrain},
  month = Dec,
  year = {2014},
  url = {http://www.pybrain.org/}
}

@ONLINE{rospcl,
  title = {pcl\_ros},
  month = Dec,
  year = {2014},
  url = {http://wiki.ros.org/pcl_ros}
}

@ONLINE{pcl,
  title = {Point Cloud Library},
  month = Dec,
  year = {2014},
  url = {http://pointclouds.org/}
}

@inproceedings{rospaper,
  title={ROS: an open-source Robot Operating System},
  author ={Quigley, Morgan, et al},
  booktitle = {ICRA Workshop on Open Source Software},
  year = {2009},
  organization = {ICRA}
}


@article{khoshelham2012accuracy,
  title={Accuracy and resolution of kinect depth data for indoor mapping applications},
  author={Khoshelham, Kourosh and Elberink, Sander Oude},
  journal={Sensors},
  volume={12},
  number={2},
  pages={1437--1454},
  year={2012},
  publisher={Molecular Diversity Preservation International}
}

@inproceedings{nguyen2012modeling,
  title={Modeling kinect sensor noise for improved 3d reconstruction and tracking},
  author={Nguyen, Chuong V and Izadi, Shahram and Lovell, David},
  booktitle={3D Imaging, Modeling, Processing, Visualization and Transmission (3DIMPVT), 2012 Second International Conference on},
  pages={524--530},
  year={2012},
  organization={IEEE}
}

@article{hu2010distributed,
  title={Distributed tracking control of leader--follower multi-agent systems under noisy measurement},
  author={Hu, Jiangping and Feng, Gang},
  journal={Automatica},
  volume={46},
  number={8},
  pages={1382--1387},
  year={2010},
  publisher={Elsevier}
}

@book{weiss2013multiagent,
  title={Multiagent systems},
  author={Weiss, Gerhard},
  year={2013},
  edition={Second},
  publisher={MIT press}
}

@inproceedings{tumer2002learning,
  title={Learning sequences of actions in collectives of autonomous agents},
  author={Tumer, Kagan and Agogino, Adrian K and Wolpert, David H},
  booktitle={Proceedings of the first international joint conference on Autonomous agents and multiagent systems: part 1},
  pages={378--385},
  year={2002},
  organization={ACM}
}

@incollection{turner2006designing,
  title={Designing agent utilities for coordinated, scalable and robust multi-agent systems},
  author={Turner, Kagan},
  booktitle={Coordination of Large-Scale Multiagent Systems},
  pages={173--188},
  year={2006},
  publisher={Springer}
}